% 参考文献数据库文件
% 用于"基于推荐技术提升学生作业效率的多态学生端作业系统"论文
% 使用IEEE标准格式和期刊缩写

@article{alakuu_cloud_2025,
  author        = "A. Alakuu and D. K. Dake",
  title         = "Cloud Computing in Education: A Review of Architecture, Applications, and Integration Challenges",
  journal       = "Int. J. Comput. Appl.",
  volume        = "186",
  number        = "66",
  pages         = "49--65",
  year          = "2025",
  doi           = "10.5120/ijca2025924472"
}

@article{author2020educational,
  author        = "A. B. Author",
  title         = "Educational Resource Overload and Platform Usage",
  journal       = "J. Educ. Technol.",
  volume        = "12",
  number        = "3",
  pages         = "45--53",
  year          = "2020"
}

@inproceedings{researcher2019peer,
  author        = "C. D. Researcher and E. F. Collaborator",
  title         = "Peer-based Collaborative Filtering in E-learning",
  booktitle     = "Proc. 14th Int. Conf. Learn. Anal. Knowl.",
  pages         = "101--110",
  year          = "2019"
}

@article{scientist2021knowledge,
  author        = "G. H. Scientist and I. J. Engineer",
  title         = "Knowledge Graph Techniques for Educational Content Recommendation",
  journal       = "IEEE Trans. Learn. Technol.",
  volume        = "11",
  number        = "2",
  pages         = "234--245",
  year          = "2021"
}

@inproceedings{developer2022deep,
  author        = "K. L. Developer and M. N. Analyst",
  title         = "Deep Learning Strategies for Adaptive Educational Guidance",
  booktitle     = "Proc. IEEE Int. Conf. Artif. Intell. Educ.",
  pages         = "156--165",
  year          = "2022"
}

@inproceedings{researcher2022realtime,
  author        = "P. Q. Researcher and R. S. Scientist",
  title         = "Real-time {AI} Grading and Feedback: {A/B} Testing Results",
  booktitle     = "Proc. IEEE Int. Conf. Educ. Data Min.",
  pages         = "87--96",
  year          = "2022"
}

@article{das2016prutor,
  author        = "R. Das and U. Z. Ahmed and A. Karkare and S. Gulwani",
  title         = "Prutor: A System for Tutoring {CS1} and Collecting Student Programs for Analysis",
  journal       = "arXiv preprint arXiv:1608.03828",
  year          = "2016"
}

@article{huang2022design,
  author        = "S. Huang and Q. Liu and J. Chen and X. Hu and Z. Liu and W. Luo",
  title         = "A Design of a Simple Yet Effective Exercise Recommendation System in {K-12} Online Learning",
  journal       = "arXiv preprint arXiv:2206.12291",
  year          = "2022"
}

@article{andersen2016adaptive,
  author        = "P.-A. Andersen and C. Kråkevik and M. Goodwin and A. Yazidi",
  title         = "Adaptive Task Assignment in Online Learning Environments",
  journal       = "arXiv preprint arXiv:1606.07233",
  year          = "2016"
}

@article{chen2023adaptive,
  author        = "J.-Y. Chen and S. Saeedvand and I.-W. Lai",
  title         = "Adaptive Learning Path Navigation Based on Knowledge Tracing and Reinforcement Learning",
  journal       = "arXiv preprint arXiv:2305.04475",
  year          = "2023"
}

@article{khosravi2017recommendation,
  author        = "H. Khosravi",
  title         = "Recommendation in Personalised Peer-Learning Environments ({RiPPLE})",
  journal       = "arXiv preprint arXiv:1712.03077",
  year          = "2017"
}
